@ARTICLE{LiTanda2017MKrg,
journal = "Monthly Notices of the Royal Astronomical Society",
pages = "981--998",
volume = "475",
publisher = "Oxford University Press",
number = "1",
year = "2017",
title = "Modelling Kepler red giants in eclipsing binaries: calibrating the mixing-length parameter with asteroseismology",
author = "Li, Tanda and Bedding, Timothy R and Huber, Daniel and Ball, Warrick H and Stello, Dennis and Murphy, Simon J and Bland-Hawthorn, Joss",
keywords = "Stars: Evolution ; Stars: Oscillations",
month = "December",
}
